<?xml version="1.0" encoding="UTF-8"?><collection xmlns="http://www.loc.gov/MARC21/slim"><record><leader>00646nam--2200229-u-4500</leader><controlfield tag="001">000050697</controlfield><controlfield tag="002">20161230</controlfield><controlfield tag="005">20161230201048</controlfield><controlfield tag="008">080314s1000------------r-----000-0-eng-d</controlfield><datafield ind1=" " ind2=" " tag="020"><subfield code="a">3-527-40541-0</subfield></datafield><datafield ind1=" " ind2=" " tag="040"><subfield code="a">IFIN-HH</subfield></datafield><datafield ind1=" " ind2=" " tag="080"><subfield code="a">530.145:53.06</subfield></datafield><datafield ind1="1" ind2=" " tag="100"><subfield code="a">Beth, Thomas</subfield></datafield><datafield ind1="1" ind2="0" tag="245"><subfield code="a">Quantum Information Processing</subfield><subfield code="c">Thomas Beth; Gerd Leuchs (Eds.)</subfield></datafield><datafield ind1=" " ind2=" " tag="250"><subfield code="a">Second, Revised and Enlarged Edition</subfield></datafield><datafield ind1=" " ind2=" " tag="260"><subfield code="a">Weinheim</subfield><subfield code="b">Wiley-VCH</subfield><subfield code="c">2005</subfield></datafield><datafield ind1=" " ind2=" " tag="300"><subfield code="a">449 p</subfield></datafield><datafield ind1=" " ind2=" " tag="504"><subfield code="a">Includes Index</subfield></datafield><datafield ind1=" " ind2="4" tag="650"><subfield code="a">Quantum Dynamics of Vortices and Vortex Qubits</subfield></datafield><datafield ind1="1" ind2=" " tag="700"><subfield code="a">Gerd, Leuch</subfield><subfield code="e">ed</subfield></datafield><datafield ind1=" " ind2=" " tag="852"><subfield code="c">530.14</subfield></datafield><datafield ind1=" " ind2=" " tag="CAT"><subfield code="a">Sys</subfield><subfield code="c">20110329</subfield><subfield code="h">140928</subfield></datafield></record></collection>